@article{F99,
	title="{A} new efficient algorithm for computing {G}r{\"o}bner bases ({F}4)",
	journal = {Journal of Pure and Applied Algebra},
	volume={139},
	number="1",
	pages="61--88",
	year="1999",
	issn="0022-4049",
	doi="https://doi.org/10.1016/S0022-4049(99)00005-5",
	author="Jean-Charles Faug\'ere",
}

@manual{GMP,
	title="{GNU MP}: {T}he {GNU} {M}ultiple {P}recision {A}rithmetic {L}ibrary",
	author="Torbj{\"o}rn Granlund and {the GMP development team}",
	edition="5.0.5",
	year="2012",
	note="\url{http://gmplib.org/}"
}

@book{tolstaya,
    author="Becker, Thomas
    and Weispfenning, Volker and Kredel, Hainz",
    title="Gr{\"o}bner Bases",
    bookTitle="Gr{\"o}bner Bases: A Computational Approach to Commutative Algebra",
    year="1993",
    publisher="Springer",
    pages="187--242",
    series={Graduate Texts in Mathematics},
    volume={141},
    doi="10.1007/978-1-4612-0913-3\_6"
}
